<?xml version="1.0" encoding="UTF-8"?><record xmlns="http://www.loc.gov/MARC21/slim" xmlns:cinclude="http://apache.org/cocoon/include/1.0" xmlns:zs="http://www.loc.gov/zing/srw/">
  <leader>00465nz  a2200145n  4500</leader>
  <controlfield tag="001">no 98108883 </controlfield>
  <controlfield tag="003">DLC</controlfield>
  <controlfield tag="005">19980917053144.5</controlfield>
  <controlfield tag="008">980916n| acannaab|          |n aaa     c</controlfield>
  <datafield tag="010" ind1=" " ind2=" ">
    <subfield code="a">no 98108883 </subfield>
  </datafield>
  <datafield tag="035" ind1=" " ind2=" ">
    <subfield code="a">(OCoLC)oca04816217 </subfield>
  </datafield>
  <datafield tag="040" ind1=" " ind2=" ">
    <subfield code="a">CSf</subfield>
    <subfield code="c">CSf</subfield>
  </datafield>
  <datafield tag="100" ind1="1" ind2="0">
    <subfield code="a">Wildey, Robert L.,</subfield>
    <subfield code="d">1934-</subfield>
  </datafield>
  <datafield tag="670" ind1=" " ind2=" ">
    <subfield code="a">Photoelectric-photographic study of the normal albedo of the moon, 1970:</subfield>
    <subfield code="b">t.p. (Robert L. Wildey)</subfield>
  </datafield>
  <datafield tag="670" ind1=" " ind2=" ">
    <subfield code="a">OCLC, Aug. 26, 1998</subfield>
    <subfield code="b">(hdg.: Wildey, Robert L., 1934-)</subfield>
  </datafield>
</record>